@article{hayama2016circular,
  title={Circular polarizations of gravitational waves from core-collapse supernovae: a clear indication of rapid rotation},
  author={Hayama, Kazuhiro and Kuroda, Takami and Nakamura, Ko and Yamada, Shoichi},
  journal={Physical review letters},
  volume={116},
  number={15},
  pages={151102},
  year={2016},
  publisher={APS}
}

@article{sato1987analysis,
  title={Analysis of neutrino burst from the supernova 1987A in the large magellanic cloud},
  author={Sato, Katsuhiko and Suzuki, Hideyuki},
  journal={Physical review letters},
  volume={58},
  number={25},
  pages={2722},
  year={1987},
  publisher={APS}
}

@article{bethe1985revival,
  title={Revival of a stalled supernova shock by neutrino heating},
  author={Bethe, Hans A and Wilson, James R},
  journal={The Astrophysical Journal},
  volume={295},
  pages={14--23},
  year={1985}
}


@article{bethe1990supernova,
  title={Supernova mechanisms},
  author={Bethe, Hans Albrecht},
  journal={Reviews of Modern Physics},
  volume={62},
  number={4},
  pages={801},
  year={1990},
  publisher={APS}
}

@article{kuroda2014gravitational,
  title={Gravitational wave signatures from low-mode spiral instabilities in rapidly rotating supernova cores},
  author={Kuroda, Takami and Takiwaki, Tomoya and Kotake, Kei},
  journal={Physical Review D},
  volume={89},
  number={4},
  pages={044011},
  year={2014},
  publisher={APS}
}

@article{nakamura2014impacts,
  title={Impacts of rotation on three-dimensional hydrodynamics of core-collapse supernovae},
  author={Nakamura, Ko and Kuroda, Takami and Takiwaki, Tomoya and Kotake, Kei},
  journal={The Astrophysical Journal},
  volume={793},
  number={1},
  pages={45},
  year={2014},
  publisher={IOP Publishing}
}

@article{seto2007measuring,
  title={Measuring a parity-violation signature in the early universe via ground-based laser interferometers},
  author={Seto, Naoki and Taruya, Atsushi},
  journal={Physical review letters},
  volume={99},
  number={12},
  pages={121101},
  year={2007},
  publisher={APS}
}

@article{kuroda2016new,
  title={A new gravitational-wave signature from standing accretion shock instability in supernovae},
  author={Kuroda, Takami and Kotake, Kei and Takiwaki, Tomoya},
  journal={The Astrophysical Journal Letters},
  volume={829},
  number={1},
  pages={L14},
  year={2016},
  publisher={IOP Publishing}
}

@article{ramirez2014rotational,
  title={Rotational velocities of single and binary O-type stars in the Tarantula Nebula},
  author={Ram{\'\i}rez-Agudelo, OH and Sana, Hugues and de Koter, Alex and Sim{\'o}n-D{\'\i}az, S and de Mink, SE and Tramper, F and Dufton, PL and Evans, CJ and Gr{\"a}fener, G and Herrero, A and others},
  journal={Proceedings of the International Astronomical Union},
  volume={9},
  number={S307},
  pages={76--81},
  year={2014},
  publisher={Cambridge University Press}
}

@article{maeder2012rotating,
  title={Rotating massive stars: From first stars to gamma ray bursts},
  author={Maeder, Andr{\'e} and Meynet, Georges},
  journal={Reviews of Modern Physics},
  volume={84},
  number={1},
  pages={25},
  year={2012},
  publisher={APS}
}

@article{steiner2013core,
  title={Core-collapse supernova equations of state based on neutron star observations},
  author={Steiner, Andrew W and Hempel, Matthias and Fischer, Tobias},
  journal={The Astrophysical Journal},
  volume={774},
  number={1},
  pages={17},
  year={2013},
  publisher={IOP Publishing}
}

@article{steiner2010equation,
  title={The equation of state from observed masses and radii of neutron stars},
  author={Steiner, Andrew W and Lattimer, James M and Brown, Edward F},
  journal={The Astrophysical Journal},
  volume={722},
  number={1},
  pages={33},
  year={2010},
  publisher={IOP Publishing}
}

@article{abbott2016observation,
  title={Observation of gravitational waves from a binary black hole merger},
  author={Abbott, Benjamin P and Abbott, Richard and Abbott, TD and Abernathy, MR and Acernese, Fausto and Ackley, Kendall and Adams, Carl and Adams, Thomas and Addesso, Paolo and Adhikari, RX and others},
  journal={Physical review letters},
  volume={116},
  number={6},
  pages={061102},
  year={2016},
  publisher={APS}
}

@article{abbott2016gw151226,
  title={GW151226: observation of gravitational waves from a 22-solar-mass binary black hole coalescence},
  author={Abbott, Benjamin P and Abbott, R and Abbott, TD and Abernathy, MR and Acernese, F and Ackley, K and Adams, C and Adams, T and Addesso, P and Adhikari, RX and others},
  journal={Physical review letters},
  volume={116},
  number={24},
  pages={241103},
  year={2016},
  publisher={APS}
}

@article{abbott2017gw170608,
  title={GW170608: Observation of a 19 solar-mass binary black hole coalescence},
  author={Abbott, Benjamin P and Abbott, R and Abbott, TD and Acernese, F and Ackley, K and Adams, C and Adams, T and Addesso, P and Adhikari, RX and Adya, VB and others},
  journal={The Astrophysical Journal Letters},
  volume={851},
  number={2},
  pages={L35},
  year={2017},
  publisher={IOP Publishing}
}

@article{abbott2017gw170814,
  title={GW170814: a three-detector observation of gravitational waves from a binary black hole coalescence},
  author={Abbott, Benjamin P and Abbott, R and Abbott, TD and Acernese, F and Ackley, K and Adams, C and Adams, T and Addesso, P and Adhikari, RX and Adya, VB and others},
  journal={Physical review letters},
  volume={119},
  number={14},
  pages={141101},
  year={2017},
  publisher={APS}
}

@article{abbott2017gw170817,
  title={GW170817: observation of gravitational waves from a binary neutron star inspiral},
  author={Abbott, Benjamin P and Abbott, Rich and Abbott, TD and Acernese, Fausto and Ackley, Kendall and Adams, Carl and Adams, Thomas and Addesso, Paolo and Adhikari, RX and Adya, VB and others},
  journal={Physical Review Letters},
  volume={119},
  number={16},
  pages={161101},
  year={2017},
  publisher={APS}
}

@article{abbott2017gravitational,
  title={Gravitational waves and gamma-rays from a binary neutron star merger: GW170817 and GRB 170817A},
  author={Abbott, Benjamin P and Abbott, R and Abbott, TD and Acernese, F and Ackley, K and Adams, C and Adams, T and Addesso, P and Adhikari, RX and Adya, VB and others},
  journal={The Astrophysical Journal Letters},
  volume={848},
  number={2},
  pages={L13},
  year={2017},
  publisher={IOP Publishing}
}

@article{abbott2017multi,
  title={Multi-messenger observations of a binary neutron star merger},
  author={Abbott, Benjamin P and Abbott, Richard and Abbott, TD and Acernese, F and Ackley, K and Adams, C and Adams, T and Addesso, P and Adhikari, RX and Adya, VB and others},
  journal={Astrophys. J. Lett},
  volume={848},
  number={2},
  pages={L12},
  year={2017}
}


@article{aasi2015advanced,
  title={Advanced ligo},
  author={Aasi, Junaid and Abbott, BP and Abbott, Richard and Abbott, Thomas and Abernathy, MR and Ackley, Kendall and Adams, Carl and Adams, Thomas and Addesso, Paolo and Adhikari, RX and others},
  journal={Classical and quantum gravity},
  volume={32},
  number={7},
  pages={074001},
  year={2015},
  publisher={IOP Publishing}
}


@article{acernese2014advanced,
  title={Advanced Virgo: a second-generation interferometric gravitational wave detector},
  author={Acernese, F and Agathos, M and Agatsuma, K and Aisa, D and Allemandou, N and Allocca, A and Amarni, J and Astone, P and Balestri, G and Ballardin, G and others},
  journal={Classical and Quantum Gravity},
  volume={32},
  number={2},
  pages={024001},
  year={2014},
  publisher={IOP Publishing}
}

@article{aso2013interferometer,
  title={Interferometer design of the KAGRA gravitational wave detector},
  author={Aso, Yoichi and Michimura, Yuta and Somiya, Kentaro and Ando, Masaki and Miyakawa, Osamu and Sekiguchi, Takanori and Tatsumi, Daisuke and Yamamoto, Hiroaki and KAGRA Collaboration and others},
  journal={Physical Review D},
  volume={88},
  number={4},
  pages={043007},
  year={2013},
  publisher={APS}
}

@article{gossan2016observing,
  title={Observing gravitational waves from core-collapse supernovae in the advanced detector era},
  author={Gossan, SE and Sutton, Patrick and Stuver, A and Zanolin, Michele and Gill, Kiranjyot and Ott, Christian D},
  journal={Physical Review D},
  volume={93},
  number={4},
  pages={042002},
  year={2016},
  publisher={APS}
}

@article{abbott2016first,
  title={First targeted search for gravitational-wave bursts from core-collapse supernovae in data of first-generation laser interferometer detectors},
  author={Abbott, Benjamin P and Abbott, Richard and Abbott, TD and Abernathy, MR and Acernese, F and Ackley, K and Adams, C and Adams, T and Addesso, P and Adhikari, RX and others},
  journal={Physical Review D},
  volume={94},
  number={10},
  pages={102001},
  year={2016},
  publisher={APS}
}

@article{baron1990effect,
  title={The effect of iron core structure on supernovae},
  author={Baron, E and Cooperstein, J},
  journal={The Astrophysical Journal},
  volume={353},
  pages={597--611},
  year={1990}
  
}

@article{o2011black,
  title={Black hole formation in failing core-collapse supernovae},
  author={O'Connor, Evan and Ott, Christian D},
  journal={The Astrophysical Journal},
  volume={730},
  number={2},
  pages={70},
  year={2011},
  publisher={IOP Publishing}
}

@article{blondin2003stability,
  title={Stability of standing accretion shocks, with an eye toward core-collapse supernovae},
  author={Blondin, John M and Mezzacappa, Anthony and DeMarino, Christine},
  journal={The Astrophysical Journal},
  volume={584},
  number={2},
  pages={971},
  year={2003},
  publisher={IOP Publishing}
}

@article{kuroda2014gravitational,
  title={Gravitational wave signatures from low-mode spiral instabilities in rapidly rotating supernova cores},
  author={Kuroda, Takami and Takiwaki, Tomoya and Kotake, Kei},
  journal={Physical Review D},
  volume={89},
  number={4},
  pages={044011},
  year={2014},
  publisher={APS}
}

@article{seto2007measuring,
  title={Measuring a parity-violation signature in the early universe via ground-based laser interferometers},
  author={Seto, Naoki and Taruya, Atsushi},
  journal={Physical review letters},
  volume={99},
  number={12},
  pages={121101},
  year={2007},
  publisher={APS}
}

@article{hayama2018circular,
  title={Circular polarization of gravitational waves from non-rotating supernova cores: a new probe into the pre-explosion hydrodynamics},
  author={Hayama, Kazuhiro and Kuroda, Takami and Kotake, Kei and Takiwaki, Tomoya},
  journal={Monthly Notices of the Royal Astronomical Society: Letters},
  volume={477},
  number={1},
  pages={L96--L100},
  year={2018},
  publisher={Oxford University Press}
}

@article{klimenko2016method,
  title={Method for detection and reconstruction of gravitational wave transients with networks of advanced detectors},
  author={Klimenko, S and Vedovato, G and Drago, M and Salemi, F and Tiwari, V and Prodi, GA and Lazzaro, C and Ackley, K and Tiwari, S and Da Silva, CF and others},
  journal={Physical Review D},
  volume={93},
  number={4},
  pages={042004},
  year={2016},
  publisher={APS}
}

@article{janka2012explosion,
  title={Explosion mechanisms of core-collapse supernovae},
  author={Janka, Hans-Thomas},
  journal={Annual Review of Nuclear and Particle Science},
  volume={62},
  pages={407--451},
  year={2012},
  publisher={Annual Reviews}
}

@article{leblanc1970numerical,
  title={A numerical example of the collapse of a rotating magnetized star},
  author={LeBlanc, JM and Wilson, JR},
  journal={The Astrophysical Journal},
  volume={161},
  pages={541},
  year={1970}
}

@article{burrows2007simulations,
  title={Simulations of magnetically driven supernova and hypernova explosions in the context of rapid rotation},
  author={Burrows, Adam and Dessart, Luc and Livne, Eli and Ott, Christian D and Murphy, Jeremiah},
  journal={The Astrophysical Journal},
  volume={664},
  number={1},
  pages={416},
  year={2007},
  publisher={IOP Publishing}
}

@article{takiwaki2009special,
  title={Special relativistic simulations of magnetically dominated jets in collapsing massive stars},
  author={Takiwaki, Tomoya and Kotake, Kei and Sato, Katsuhiko},
  journal={The Astrophysical Journal},
  volume={691},
  number={2},
  pages={1360},
  year={2009},
  publisher={IOP Publishing}
}

@article{moiseenko2006magnetorotational,
  title={A magnetorotational core-collapse model with jets},
  author={Moiseenko, SG and Bisnovatyi-Kogan, GS and Ardeljan, NV},
  journal={Monthly Notices of the Royal Astronomical Society},
  volume={370},
  number={1},
  pages={501--512},
  year={2006},
  publisher={Blackwell Publishing Ltd Oxford, UK}
}

@article{mosta2014magnetorotational,
  title={Magnetorotational core-collapse supernovae in three dimensions},
  author={M{\"o}sta, Philipp and Richers, Sherwood and Ott, Christian D and Haas, Roland and Piro, Anthony L and Boydstun, Kristen and Abdikamalov, Ernazar and Reisswig, Christian and Schnetter, Erik},
  journal={The Astrophysical Journal Letters},
  volume={785},
  number={2},
  pages={L29},
  year={2014},
  publisher={IOP Publishing}
}

@article{obergaulinger2019magnetorotational,
  title={Magnetorotational core collapse of possible GRB progenitors. I. Explosion mechanisms},
  author={Obergaulinger, M and Aloy, M{\'A}},
  journal={arXiv preprint arXiv:1909.01105},
  year={2019}
}
@article{woosley2006progenitor,
  title={The progenitor stars of gamma-ray bursts},
  author={Woosley, SE and Heger, Alexander},
  journal={The Astrophysical Journal},
  volume={637},
  number={2},
  pages={914},
  year={2006},
  publisher={IOP Publishing}
}

@article{yoon2005evolution,
  title={On the evolution of rapidly rotating massive white dwarfs towards supernovae or collapses},
  author={Yoon, S-C and Langer, Norbert},
  journal={Astronomy \& Astrophysics},
  volume={435},
  number={3},
  pages={967--985},
  year={2005},
  publisher={EDP Sciences}
}

@article{de2013rotation,
  title={The rotation rates of massive stars: the role of binary interaction through tides, mass transfer, and mergers},
  author={De Mink, SE and Langer, N and Izzard, RG and Sana, Hugues and de Koter, Alex},
  journal={The Astrophysical Journal},
  volume={764},
  number={2},
  pages={166},
  year={2013},
  publisher={IOP Publishing}
}

@article{obergaulinger2017protomagnetar,
  title={Protomagnetar and black hole formation in high-mass stars},
  author={Obergaulinger, Martin and Aloy, Miguel {\'A}ngel},
  journal={Monthly Notices of the Royal Astronomical Society: Letters},
  volume={469},
  number={1},
  pages={L43--L47},
  year={2017},
  publisher={Oxford University Press}
}

@article{abdikamalov2014measuring,
  title={Measuring the angular momentum distribution in core-collapse supernova progenitors with gravitational waves},
  author={Abdikamalov, Ernazar and Gossan, Sarah and DeMaio, Alexandra M and Ott, Christian D},
  journal={Physical Review D},
  volume={90},
  number={4},
  pages={044001},
  year={2014},
  publisher={APS}
}

@article{hayama2008determination,
  title={Determination of the angular momentum distribution of supernovae from gravitational wave observations},
  author={Hayama, Kazuhiro and Desai, Shantanu and Kotake, Kei and Mohanty, Soumya D and Rakhmanov, Malik and Summerscales, Tiffany and Yoshida, Sanichiro},
  journal={Classical and Quantum Gravity},
  volume={25},
  number={18},
  pages={184022},
  year={2008},
  publisher={IOP Publishing}
}


@article{langer2012presupernova,
  title={Presupernova evolution of massive single and binary stars},
  author={Langer, N},
  journal={Annual Review of Astronomy and Astrophysics},
  volume={50},
  pages={107--164},
  year={2012},
  publisher={Annual Reviews}
}

@ARTICLE{2016PhRvD..93d2004K,
   author = {{Klimenko}, S. and {Vedovato}, G. and {Drago}, M. and {Salemi}, F. and 
	{Tiwari}, V. and {Prodi}, G.~A. and {Lazzaro}, C. and {Ackley}, K. and 
	{Tiwari}, S. and {Da Silva}, C.~F. and {Mitselmakher}, G.},
    title = "{Method for detection and reconstruction of gravitational wave transients with networks of advanced detectors}",
  journal = {Physical Review D},
archivePrefix = "arXiv",
   eprint = {1511.05999},
 primaryClass = "gr-qc",
     year = 2016,
    month = feb,
   volume = 93,
   number = 4,
      eid = {042004},
    pages = {042004},
      doi = {10.1103/PhysRevD.93.042004},
   adsurl = {http://adsabs.harvard.edu/abs/2016PhRvD..93d2004K},
  adsnote = {Provided by the SAO/NASA Astrophysics Data System}
}

@ARTICLE{2015ApJ...800...81E,
   author = {{Essick}, R. and {Vitale}, S. and {Katsavounidis}, E. and {Vedovato}, G. and 
	{Klimenko}, S.},
    title = "{Localization of Short Duration Gravitational-wave Transients with the Early Advanced LIGO and Virgo Detectors}",
  journal = {The Astrophysical Journal},
archivePrefix = "arXiv",
   eprint = {1409.2435},
 primaryClass = "astro-ph.HE",
 keywords = {gravitational waves, methods: data analysis },
     year = 2015,
    month = feb,
   volume = 800,
      eid = {81},
    pages = {81},
      doi = {10.1088/0004-637X/800/2/81},
   adsurl = {http://adsabs.harvard.edu/abs/2015ApJ...800...81E},
  adsnote = {Provided by the SAO/NASA Astrophysics Data System}
}



@ARTICLE{2016PhRvD..93d2004K,
   author = {{Klimenko}, S. and {Vedovato}, G. and {Drago}, M. and {Salemi}, F. and 
	{Tiwari}, V. and {Prodi}, G.~A. and {Lazzaro}, C. and {Ackley}, K. and 
	{Tiwari}, S. and {Da Silva}, C.~F. and {Mitselmakher}, G.},
    title = "{Method for detection and reconstruction of gravitational wave transients with networks of advanced detectors}",
  journal = {Physical Review D},
archivePrefix = "arXiv",
   eprint = {1511.05999},
 primaryClass = "gr-qc",
     year = 2016,
    month = feb,
   volume = 93,
   number = 4,
      eid = {042004},
    pages = {042004},
      doi = {10.1103/PhysRevD.93.042004},
   adsurl = {http://adsabs.harvard.edu/abs/2016PhRvD..93d2004K},
  adsnote = {Provided by the SAO/NASA Astrophysics Data System}
}


@ARTICLE{2016ApJ...826L..13A,
   author = {{Abbott}, B.~P. and {Abbott}, R. and {Abbott}, T.~D. and {Abernathy}, M.~R. and 
	{Acernese}, F. and {Ackley}, K. and {Adams}, C. and {Adams}, T. and 
	{Addesso}, P. and {Adhikari}, R.~X. and et al.},
    title = "{Localization and Broadband Follow-up of the Gravitational-wave Transient GW150914}",
  journal = {The Astrophysical Journal Letters},
archivePrefix = "arXiv",
   eprint = {1602.08492},
 primaryClass = "astro-ph.HE",
 keywords = {gravitational waves, methods: observational},
     year = 2016,
    month = jul,
   volume = 826,
      eid = {L13},
    pages = {L13},
      doi = {10.3847/2041-8205/826/1/L13},
   adsurl = {http://adsabs.harvard.edu/abs/2016ApJ...826L..13A},
  adsnote = {Provided by the SAO/NASA Astrophysics Data System}
}

@article{muller2013new,
  title={A new multi-dimensional general relativistic neutrino hydrodynamics code of core-collapse supernovae. iii. gravitational wave signals from supernova explosion models},
  author={M{\"u}ller, Bernhard and Janka, Hans-Thomas and Marek, Andreas},
  journal={The Astrophysical Journal},
  volume={766},
  number={1},
  pages={43},
  year={2013},
  publisher={IOP Publishing}
}

@article{murphy2009model,
  title={A model for gravitational wave emission from neutrino-driven core-collapse supernovae},
  author={Murphy, Jeremiah W and Ott, Christian D and Burrows, Adam},
  journal={The Astrophysical Journal},
  volume={707},
  number={2},
  pages={1173},
  year={2009},
  publisher={IOP Publishing}
}

@article{abbott2019gwtc,
  title={GWTC-1: A gravitational-wave transient catalog of compact binary mergers observed by LIGO and Virgo during the first and second observing runs},
  author={Abbott, BP and Abbott, R and Abbott, TD and Abraham, S and Acernese, F and Ackley, K and Adams, C and Adhikari, RX and Adya, VB and Affeldt, C and others},
  journal={Physical Review X},
  volume={9},
  number={3},
  pages={031040},
  year={2019},
  publisher={APS}
}

@article{abbott2018prospects,
  title={Prospects for observing and localizing gravitational-wave transients with Advanced LIGO, Advanced Virgo and KAGRA},
  author={Abbott, Benjamin P and Abbott, R and Abbott, TD and Abernathy, MR and Acernese, F and Ackley, K and Adams, C and Adams, T and Addesso, P and Adhikari, RX and others},
  journal={Living Reviews in Relativity},
  volume={21},
  number={1},
  pages={3},
  year={2018},
  publisher={Springer}
}

@article{andresen2017gravitational,
  title={Gravitational wave signals from 3D neutrino hydrodynamics simulations of core-collapse supernovae},
  author={Andresen, Haakon and M{\"u}ller, Bernhard and M{\"u}ller, Ewald and Janka, H-Th},
  journal={Monthly Notices of the Royal Astronomical Society},
  volume={468},
  number={2},
  pages={2032--2051},
  year={2017},
  publisher={Oxford University Press}
}

@article{abbott2016observing,
  title={Observing gravitational-wave transient GW150914 with minimal assumptions},
  author={Abbott, Benjamin P and Abbott, R and Abbott, TD and Abernathy, MR and Acernese, F and Ackley, K and Adams, C and Adams, T and Addesso, P and Adhikari, RX and others},
  journal={Physical Review D},
  volume={93},
  number={12},
  pages={122004},
  year={2016},
  publisher={APS}
}


@article{di2018estimation,
  title={Estimation of the gravitational wave polarizations from a nontemplate search},
  author={Di Palma, Irene and Drago, Marco},
  journal={Physical Review D},
  volume={97},
  number={2},
  pages={023011},
  year={2018},
  publisher={APS}
}

@article{akutsu2018kagra,
  title={KAGRA: 2.5 generation interferometric gravitational wave detector},
  author={Akutsu, T and Ando, M and Arai, K and Arai, Y and Araki, S and Araya, A and Aritomi, N and Asada, H and Aso, Y and Atsuta, S and others},
  journal={arXiv preprint arXiv:1811.08079},
  year={2018}
}
